<?xml version="1.0" encoding="UTF-8"?><collection xmlns="http://www.loc.gov/MARC21/slim"><record><leader>00572nam--2200193-i-4500</leader><controlfield tag="001">000008898</controlfield><controlfield tag="002">20161230</controlfield><controlfield tag="005">20161230201028</controlfield><controlfield tag="008">060222s1000------------r-----000-0-rum-d</controlfield><datafield ind1=" " ind2=" " tag="040"><subfield code="a">IFIN-HH</subfield></datafield><datafield ind1=" " ind2=" " tag="041"><subfield code="a">rum</subfield></datafield><datafield ind1=" " ind2=" " tag="080"><subfield code="a">621.384.63(043)</subfield></datafield><datafield ind1="1" ind2=" " tag="100"><subfield code="a">Tancu, Florina</subfield></datafield><datafield ind1="1" ind2="0" tag="245"><subfield code="a">Obtinerea si caracterizarea fluxurilor intense de neutroni rapizi la ciclotronul ifin</subfield><subfield code="b">Teza</subfield><subfield code="c">Florina tancu</subfield></datafield><datafield ind1=" " ind2=" " tag="260"><subfield code="a">Bucuresti</subfield><subfield code="b">Ifin</subfield><subfield code="c">1988</subfield></datafield><datafield ind1=" " ind2=" " tag="300"><subfield code="a">175P</subfield></datafield><datafield ind1=" " ind2=" " tag="502"><subfield code="a">Conducator Stiintific: Dr. Eugen Ivanov</subfield></datafield><datafield ind1=" " ind2=" " tag="852"><subfield code="a">74659</subfield><subfield code="c">539.1.07:5391.08</subfield></datafield><datafield ind1=" " ind2=" " tag="CAT"><subfield code="a">Sys</subfield><subfield code="c">20111031</subfield><subfield code="h">143231</subfield></datafield></record></collection>